@electronic{优缺点比较,
  title         = "Unity Multiplayer - What are the pros and cons of available network solutions/assets",
  url           = "https://forum.unity.com/threads/what-are-the-pros-and-cons-of-available-network-solutions-assets.609088/",
}

@electronic{ET框架,
  title         = "Unity3D Client And C# Server Framework",
  url           = "https://github.com/egametang/ET",
}

@electronic{UNet过时,
  title         = "UNet Deprecation FAQ",
  url           = "https://support.unity.com/hc/en-us/articles/360001252086-UNet-Deprecation-FAQ",
}

@electronic{NetCode预览,
  title         = "Unity NetCode",
  url           = "https://docs.unity3d.com/Packages/com.unity.netcode@0.2/manual/index.html",
}
